@misc{internetAcces,
    title = {Uni√≥n Internacional de Telecomunicaciones},
    howpublished = "\href{https://www.itu.int/en/ITU-D/Statistics/Pages/facts/default.aspx}{https://www.itu.int/}",
    note = {Consultado en Mayo 5, 2020}
}

@techreport{scarfone2012guide,
    title={Guide to intrusion detection and prevention systems (idps)},
    author={Scarfone, Karen and Mell, Peter},
    year={2012},
    institution={National Institute of Standards and Technology}
}

@book{denning1985requirements,
    title={Requirements and model for IDES-a real-time intrusion-detection expert system},
    author={Denning, Dorothy and Neumann, Peter G},
    volume={8},
    year={1985},
    publisher={SRI International Menlo Park}
}

@book{mitchell1997machine,
  title={Machine Learning},
  author={Mitchell, T.M.},
  isbn={9780071154673},
  lccn={97007692},
  series={McGraw-Hill International Editions},
  url={https://books.google.com.cu/books?id=EoYBngEACAAJ},
  year={1997},
  publisher={McGraw-Hill}
}

@article{brown1990learning,
  title={Learning and computational neuroscience: Foundations of adaptive networks},
  author={Brown, MW and Gabriel, M and Moore, J},
  year={1990}
}

@article{churchland1992computational,
  title={Computational neuroscience. The computational brain},
  author={Churchland, PS and Sejnowski, TJ},
  journal={Cambridge, MA: Massachusetts Institute of Technology},
  year={1992}
}

@inproceedings{lecun1995comparison,
  title={Comparison of learning algorithms for handwritten digit recognition},
  author={LeCun, Yann and Jackel, LD and Bottou, Leon and Brunot, A and Cortes, Corinna and Denker, J and Drucker, Harris and Guyon, I and Muller, UA and Sackinger, Eduard and others},
  booktitle={International conference on artificial neural networks},
  volume={60},
  pages={53--60},
  year={1995},
  organization={Perth, Australia}
}
